<?xml version="1.0" encoding="UTF-8"?><record xmlns="http://www.loc.gov/MARC21/slim" xmlns:cinclude="http://apache.org/cocoon/include/1.0" xmlns:zs="http://www.loc.gov/zing/srw/">
  <leader>00782nz  a2200157n  4500</leader>
  <controlfield tag="001">n  90685306 </controlfield>
  <controlfield tag="003">DLC</controlfield>
  <controlfield tag="005">19900823142341.8</controlfield>
  <controlfield tag="008">900823n| acannaab|          |a aaa |||  </controlfield>
  <datafield tag="010" ind1=" " ind2=" ">
    <subfield code="a">n  90685306 </subfield>
  </datafield>
  <datafield tag="040" ind1=" " ind2=" ">
    <subfield code="a">DLC</subfield>
    <subfield code="c">DLC</subfield>
  </datafield>
  <datafield tag="100" ind1="0" ind2="0">
    <subfield code="a">Thamrong ʻĀyuwatthana,</subfield>
    <subfield code="d">1917-1989</subfield>
  </datafield>
  <datafield tag="400" ind1="1" ind2="0">
    <subfield code="a">ʻĀyuwatthana, Thamrong,</subfield>
    <subfield code="d">1917-1989</subfield>
  </datafield>
  <datafield tag="400" ind1="0" ind2="0">
    <subfield code="a">Prathum ʻĀyuwat,</subfield>
    <subfield code="d">1917-1989</subfield>
  </datafield>
  <datafield tag="400" ind1="1" ind2="0">
    <subfield code="a">ʻĀyuwat, Prathum,</subfield>
    <subfield code="d">1917-1989</subfield>
  </datafield>
  <datafield tag="670" ind1=" " ind2=" ">
    <subfield code="a">ʻAnusō̜n nai ngān phrarātchathān phlœ̄ng sop Nāi Thamrongsak ʻĀyuwatthana Tō̜. Mō̜. ... 1990:</subfield>
    <subfield code="b">port. (b. 14 Makarākhom 2460; d. 6 Tulākhom 2532) p. 7 (b. Tambon Phak Hai, ʻAmphœ̄ Phak Hai, Čhangwat Phra Nakhō̜n Sī ʻAyutthayā [Thailand]; former name: Prathum ʻAyuwat) p. 12 (secretary, Dept. of Religious Affairs (1972))</subfield>
  </datafield>
</record>